<?xml version="1.0" encoding="UTF-8"?><collection xmlns="http://www.loc.gov/MARC21/slim"><record><leader>00368nam--2200145-i-4500</leader><controlfield tag="001">000006622</controlfield><controlfield tag="002">20161230</controlfield><controlfield tag="005">20170114000819</controlfield><controlfield tag="008">060222s1000------------r-----000-0-eng-d</controlfield><datafield ind1=" " ind2=" " tag="100"><subfield code="a">Charlesworth, D. H</subfield></datafield><datafield ind1=" " ind2=" " tag="245"><subfield code="a">Fouling in organic-cooled systems. crce-1096</subfield></datafield><datafield ind1=" " ind2=" " tag="260"><subfield code="a">Chalk River,Ontario</subfield><subfield code="c">1963</subfield></datafield><datafield ind1=" " ind2=" " tag="300"><subfield code="a">83 p</subfield></datafield><datafield ind1=" " ind2=" " tag="852"><subfield code="a">19329</subfield></datafield><datafield ind1=" " ind2=" " tag="CAT"><subfield code="a">SYS</subfield><subfield code="c">20170114</subfield><subfield code="h">000819</subfield></datafield></record></collection>